<record><leader>00000cas a22000007a 4500</leader><controlfield tag="001">20314220</controlfield><controlfield tag="008">890908d19081917aruwr ne      0    0eng d</controlfield><datafield ind1=" " ind2=" " tag="010"><subfield code="a">sn 89051366 </subfield></datafield><datafield ind1=" " ind2=" " tag="040"><subfield code="a">ANU</subfield><subfield code="b">eng</subfield><subfield code="c">ANU</subfield><subfield code="d">OCLCQ</subfield></datafield><datafield ind1=" " ind2=" " tag="042"><subfield code="a">msc</subfield></datafield><datafield ind1="0" ind2=" " tag="130"><subfield code="a">Gazette (Marked Tree, Ark.)</subfield></datafield><datafield ind1="1" ind2="4" tag="245"><subfield code="a">The Gazette.</subfield></datafield><datafield ind1="1" ind2="3" tag="246"><subfield code="a">Marked Tree gazette</subfield></datafield><datafield ind1=" " ind2=" " tag="260"><subfield code="a">Marked Tree, Ark. :</subfield><subfield code="b">Gazette Pub. Co.</subfield></datafield><datafield ind1=" " ind2=" " tag="300"><subfield code="a">v.</subfield></datafield><datafield ind1=" " ind2=" " tag="310"><subfield code="a">Weekly</subfield></datafield><datafield ind1="0" ind2=" " tag="362"><subfield code="a">Vol. 3, no. 41 (Jan. 31, 1908)-</subfield></datafield><datafield ind1="1" ind2=" " tag="362"><subfield code="a">Ceased with Feb. 2, 1917 issue.</subfield></datafield><datafield ind1=" " ind2=" " tag="752"><subfield code="a">United States</subfield><subfield code="b">Arkansas</subfield><subfield code="c">Poinsett</subfield><subfield code="d">Marked Tree.</subfield></datafield><datafield ind1="0" ind2="0" tag="780"><subfield code="t">Marked Tree gazette</subfield><subfield code="w">(DLC)sn 89051367</subfield></datafield><datafield ind1="0" ind2="0" tag="785"><subfield code="t">Marked Tree tribune</subfield><subfield code="w">(DLC)sn 85032973</subfield></datafield></record>